<?xml version="1.0" encoding="UTF-8"?><collection xmlns="http://www.loc.gov/MARC21/slim"><record><leader>00433nam--2200181-u-4500</leader><controlfield tag="001">000052903</controlfield><controlfield tag="002">20161230</controlfield><controlfield tag="005">20161230201050</controlfield><controlfield tag="008">101126s1000------------r-----000-0-ger-d</controlfield><datafield ind1=" " ind2=" " tag="040"><subfield code="a">IFIN-HH</subfield></datafield><datafield ind1=" " ind2=" " tag="041"><subfield code="a">ger</subfield></datafield><datafield ind1=" " ind2=" " tag="080"><subfield code="a">535.51</subfield></datafield><datafield ind1="1" ind2=" " tag="100"><subfield code="a">Haas, Hanns</subfield></datafield><datafield ind1="1" ind2="0" tag="245"><subfield code="a">Polarisationsoptik</subfield><subfield code="c">Hanns haas</subfield></datafield><datafield ind1=" " ind2=" " tag="260"><subfield code="a">Berlin</subfield><subfield code="b">Veb Verlag Technik Berlin</subfield><subfield code="c">1953</subfield></datafield><datafield ind1=" " ind2=" " tag="300"><subfield code="a">184P</subfield></datafield><datafield ind1=" " ind2=" " tag="852"><subfield code="a">76398</subfield><subfield code="c">535</subfield></datafield><datafield ind1=" " ind2=" " tag="CAT"><subfield code="a">Sys</subfield><subfield code="c">20101126</subfield><subfield code="h">132028</subfield></datafield></record></collection>